@article{ref1,
  title={2011 A{\~n}o de la investigaci{\'o}n en el Alzheimer},
  author={P{\'e}rez, Antonia Guti{\'e}rrez},
  journal={Encuentros en la Biolog{\'\i}a},
  number={135},
  pages={47--49},
  year={2011},
  publisher={Universidad de M{\'a}laga (UMA)}
}

@article{ref2,
  title={T{\'\i}tulo:“Demencias y enfermedad de Alzheimer un recorrido por la historia”},
  author={Guerra, Jorge Jes{\'u}s Llibre and Arjona, Lorna Garc{\'\i}a and D{\'\i}az, Juan Pablo and de Neurolog{\'\i}a, Residente and de Gerontolog{\'\i}a, Residente}
}

@article{ref3,
  title={Demencia tipo Alzheimer: {\'u}ltimos avances en el {\'a}mbito neuropsicol{\'o}gico},
  author={Chira-Chira, Mar{\'\i}a-Cornelia},
  year={2015},
  publisher={Ja{\'e}n: Universidad de Ja{\'e}n}
}


@article{ref4,
  title={Desarrollo de investigaci{\'o}n a nivel nacional e internacional Alzheimer ay{\'u}danos a no olvidarlos.},
  author={Zalamea Burbano de Lara, Mar{\'\i}a Daniela},
  year={2012},
  publisher={Quito, 2012.}
}

@article{ref5,
  title={Enfermedad de Alzheimer: inmunidad y diagn{\'o}stico},
  author={Herrera-Rivero, Marisol and Hern{\'a}ndez-Aguilar, Mar{\'\i}a Elena and Manzo, Jorge and Aranda-Abreu, Gonzalo Emiliano},
  journal={Revista de Neurolog{\'\i}a},
  volume={51},
  number={3},
  pages={153--164},
  year={2010}
}

@article{ref6,
  title={Enfermedad de Parkinson y enfermedad de Alzheimer},
  author={Angarita, Luz Angela and Builes, Claudia Mar{\'\i}a and Machado, Libia Estela},
  journal={CES Medicina},
  volume={11},
  number={1},
  year={2009}
}

@misc{ref7,
	author = {Alzheimer'’s Association},
	title = {Las 10 Se\~nales},
	year = {2009},
	howpublished = "Recuperado de:  \url{http://www.alz.org/espanol/signs_and_symptoms/las_10_senales.asp}"}
}

@article{ref8,
  title={Gu{\'\i}a para familiares y cuidadores encargados de la atenci{\'o}n de personas con enfermedad de Alzheimer},
  author={Velandia, Irene Esguerra},
  journal={Avances en Enfermer{\'\i}a},
  volume={17},
  number={1-2},
  pages={31--39}
}

@misc{ref9,
	author = {Alzheimer'’s Association},
	title = {Informaci\'on b\'asica sobre la enfermedad	de Alzheimer: Qu\'e es y qu\'e puede hacer},
	year = {2015},
	howpublished = "Recuperado de  \url{http://www.alz.org/national/documents/sp_brochure_basicsofalz.pdf}"}
}

@article{ref10,
  title={diagn{\'o}stico precoz},
  author={de Alzheimer, Enfermedad},
  journal={Barcelona: Fundaci{\'o}n Vila Casas. Opini{\'o}n Quiral},
  number={32.1},
  year={2011}
}
